<record><leader>00000cas a22000007a 4500</leader><controlfield tag="001">25052476</controlfield><controlfield tag="008">920106c19919999inuwr ne      0   a0eng c</controlfield><datafield ind1=" " ind2=" " tag="010"><subfield code="a">sn 92000027 </subfield></datafield><datafield ind1=" " ind2=" " tag="040"><subfield code="a">NSD</subfield><subfield code="b">eng</subfield><subfield code="c">NSD</subfield><subfield code="d">OCLCQ</subfield></datafield><datafield ind1=" " ind2=" " tag="012"><subfield code="m">y</subfield></datafield><datafield ind1="1" ind2=" " tag="022"><subfield code="a">1060-6165</subfield><subfield code="l">1060-6165</subfield><subfield code="y">1054-707X</subfield><subfield code="2">1</subfield></datafield><datafield ind1=" " ind2=" " tag="032"><subfield code="a">006274</subfield><subfield code="b">USPS</subfield></datafield><datafield ind1=" " ind2=" " tag="037"><subfield code="b">News-Report, 310 N. Main, Bicknell, IN 47512</subfield></datafield><datafield ind1=" " ind2=" " tag="042"><subfield code="a">nsdp</subfield><subfield code="a">pcc</subfield></datafield><datafield ind1="0" ind2=" " tag="130"><subfield code="a">News-report (Bicknell, Ind.)</subfield></datafield><datafield ind1=" " ind2="0" tag="222"><subfield code="a">News-report</subfield><subfield code="b">(Bicknell, Ind.)</subfield></datafield><datafield ind1="1" ind2="0" tag="245"><subfield code="a">News-report.</subfield></datafield><datafield ind1=" " ind2=" " tag="260"><subfield code="a">Bicknell, IN :</subfield><subfield code="b">Larry Hiatt</subfield></datafield><datafield ind1=" " ind2=" " tag="300"><subfield code="a">v.</subfield></datafield><datafield ind1=" " ind2=" " tag="310"><subfield code="a">Weekly</subfield></datafield><datafield ind1="1" ind2=" " tag="362"><subfield code="a">Began with Sept. 28, 1991.</subfield></datafield><datafield ind1=" " ind2=" " tag="580"><subfield code="a">"North Knox news gleaned from the pages of the Knox County daily news."</subfield></datafield><datafield ind1=" " ind2=" " tag="588"><subfield code="a">Description based on: Vol. 2, no. 12 (Dec. 7, 1991).</subfield></datafield><datafield ind1=" " ind2=" " tag="752"><subfield code="a">United States</subfield><subfield code="b">Indiana</subfield><subfield code="c">Knox</subfield><subfield code="d">Bicknell.</subfield></datafield><datafield ind1="0" ind2="0" tag="780"><subfield code="t">Morning news-report</subfield><subfield code="x">1054-707X</subfield><subfield code="w">(DLC)sn 90064001</subfield><subfield code="w">(OCoLC)22893174</subfield></datafield><datafield ind1="1" ind2=" " tag="787"><subfield code="t">Knox County daily news (Bicknell, Ind. : 1991)</subfield><subfield code="x">1060-6173</subfield><subfield code="w">(DLC)sn 90099385</subfield><subfield code="w">(OCoLC)22964792</subfield></datafield></record>